<record><leader>00000cas a22000007a 4500</leader><controlfield tag="001">13102674</controlfield><controlfield tag="008">860204d1868187uiauwr ne      0    0eng d</controlfield><datafield ind1=" " ind2=" " tag="010"><subfield code="a">sn 86061019 </subfield></datafield><datafield ind1=" " ind2=" " tag="040"><subfield code="a">INP</subfield><subfield code="b">eng</subfield><subfield code="c">INP</subfield><subfield code="d">OCLCQ</subfield></datafield><datafield ind1=" " ind2=" " tag="042"><subfield code="a">msc</subfield></datafield><datafield ind1="0" ind2=" " tag="130"><subfield code="a">People's weekly journal (Vinton, Iowa)</subfield></datafield><datafield ind1="1" ind2="0" tag="245"><subfield code="a">People's weekly journal.</subfield></datafield><datafield ind1="1" ind2="3" tag="246"><subfield code="a">People's journal</subfield></datafield><datafield ind1=" " ind2=" " tag="260"><subfield code="a">Vinton, Iowa :</subfield><subfield code="b">A.H. Brown</subfield></datafield><datafield ind1=" " ind2=" " tag="300"><subfield code="a">v. ;</subfield><subfield code="c">64 cm.</subfield></datafield><datafield ind1=" " ind2=" " tag="310"><subfield code="a">Weekly</subfield></datafield><datafield ind1="1" ind2=" " tag="362"><subfield code="a">Began with Dec. 19, 1868 issue.</subfield><subfield code="z">Cf. Bibl. of Iowa newspapers.</subfield></datafield><datafield ind1=" " ind2=" " tag="588"><subfield code="a">Description based on: Vol. 1, no. 50 (Dec. 2, 1869).</subfield></datafield><datafield ind1=" " ind2=" " tag="752"><subfield code="a">United States</subfield><subfield code="b">Iowa</subfield><subfield code="c">Benton</subfield><subfield code="d">Vinton.</subfield></datafield><datafield ind1="0" ind2=" " tag="775"><subfield code="t">People's semi-weekly journal</subfield><subfield code="w">(DLC)sn 85049916</subfield></datafield><datafield ind1="0" ind2="0" tag="785"><subfield code="t">People's journal (Vinton, Iowa)</subfield><subfield code="w">(DLC)sn 84027410</subfield></datafield></record>